@article{liu2020learning,
  title={Learning to Factorize and Relight a City},
  author={Liu, Andrew and Ginosar, Shiry and Zhou, Tinghui and Efros, Alexei A and Snavely, Noah},
  journal={arXiv preprint arXiv:2008.02796},
  year={2020}}
                  
                  
@article{xiao2020should,
  title={What Should Not Be Contrastive in Contrastive Learning},
  author={Xiao, Tete and Wang, Xiaolong and Efros, Alexei A and Darrell, Trevor},
  journal={arXiv preprint arXiv:2008.05659},
  year={2020}}
                  
@article{chen2020simple,
  title={A simple framework for contrastive learning of visual representations},
  author={Chen, Ting and Kornblith, Simon and Norouzi, Mohammad and Hinton, Geoffrey},
  journal={arXiv preprint arXiv:2002.05709},
  year={2020}}

    